@ARTICLE{DT83,
  author = {C.H. Dowker and Morwen B. Thistlethwaite},
  title = {Classification of Knot Projections},
  journal = {Topology and its Applications},
  year = {1983},
  volume = {16},
  pages = {19--31},
  number = {1},
  owner = {colinjohnson},
  timestamp = {2007.04.17}
}